@inproceedings{smart,
	title={Smart gossip: An adaptive gossip-based broadcasting service for sensor networks},
	author={Kyasanur, Pradeep and Choudhury, Romit Roy and Gupta, Indranil},
	booktitle={2006 IEEE International Conference on Mobile Ad Hoc and Sensor Systems},
	pages={91--100},
	year={2006},
	organization={IEEE}
}
@book{james,
	title={Computer networking a top-down approach featuring the internet},
	author={James, F KUROSE and Keith, W ROSS},
	year={2004},
	publisher={Addison-Wesley, Reading}
}

@book{forouzan,
	title={Data Communications \& Networking (sie)},
	author={Forouzan, A Behrouz},
	year={2006},
	publisher={Tata McGraw-Hill Education}
}

@inproceedings{demers1987epidemic,
	title={Epidemic algorithms for replicated database maintenance},
	author={Demers, Alan and Greene, Dan and Hauser, Carl and Irish, Wes and Larson, John and Shenker, Scott and Sturgis, Howard and Swinehart, Dan and Terry, Doug},
	booktitle={Proceedings of the sixth annual ACM Symposium on Principles of distributed computing},
	pages={1--12},
	year={1987},
	organization={ACM}
}
@article{birman1999bimodal,
	title={Bimodal multicast},
	author={Birman, Kenneth P and Hayden, Mark and Ozkasap, Oznur and Xiao, Zhen and Budiu, Mihai and Minsky, Yaron},
	journal={ACM Transactions on Computer Systems (TOCS)},
	volume={17},
	number={2},
	pages={41--88},
	year={1999},
	publisher={ACM}
}
@article{haas2006gossip,
	title={Gossip-based ad hoc routing},
	author={Haas, Zygmunt J and Halpern, Joseph Y and Li, Li},
	journal={IEEE/ACM Transactions on Networking (ToN)},
	volume={14},
	number={3},
	pages={479--491},
	year={2006},
	publisher={IEEE Press}
}
@inproceedings{rodrigues2003adaptive,
	title={Adaptive gossip-based broadcast},
	author={Rodrigues, Luis and Handurukande, Sidath and Pereira, Jos{\'e} and Guerraoui, Rachid and Kermarrec, A-M},
	booktitle={International Conference on Dependable Systems and Networks (DSN-2003)},
	year={2003},
	organization={IEEE Computer Society}
}
@article{kempe2004spatial,
	title={Spatial gossip and resource location protocols},
	author={Kempe, David and Kleinberg, Jon and Demers, Alan},
	journal={Journal of the ACM (JACM)},
	volume={51},
	number={6},
	pages={943--967},
	year={2004},
	publisher={ACM}
}
@inproceedings{miller2005exploring,
	title={Exploring the energy-latency trade-off for broadcasts in energy-saving sensor networks},
	author={Miller, Matthew J and Sengul, Cigdem and Gupta, Indranil},
	booktitle={25th IEEE International Conference on Distributed Computing Systems (ICDCS'05)},
	pages={17--26},
	year={2005},
	organization={IEEE}
}
@inproceedings{levis2004trickle,
	title={Trickle: A self-regulating algorithm for code propagation and maintenance in wireless sensor networks},
	author={Levis, Philip and Patel, Neil and Culler, David and Shenker, Scott},
	booktitle={Proc. of the 1st USENIX/ACM Symp. on Networked Systems Design and Implementation},
	year={2004}
}
@inproceedings{chandra2001anonymous,
	title={Anonymous gossip: Improving multicast reliability in mobile ad-hoc networks},
	author={Chandra, Ranveer and Ramasubramanian, Venugopalan and Birman, Kenneth},
	booktitle={Distributed Computing Systems, 2001. 21st International Conference on.},
	pages={275--283},
	year={2001},
	organization={IEEE}
}
@misc{vahdat2000epidemic,
	title={Epidemic routing for partially connected ad hoc networks},
	author={Vahdat, Amin and Becker, David and others},
	year={2000},
	publisher={Technical Report CS-200006, Duke University}
}
@inproceedings{cartigny2003border,
	title={Border node retransmission based probabilistic broadcast protocols in ad-hoc networks},
	author={Cartigny, Julien and Simplot, David},
	booktitle={System Sciences, 2003. Proceedings of the 36th Annual Hawaii International Conference on},
	pages={10--pp},
	year={2003},
	organization={IEEE}
}
@inproceedings{reina2012optimization,
	title={Optimization of network lifetime through energy-efficient broadcast scheme using dynamic random walk},
	author={Reina, Daniel and Johnson, Princy and Toral, Federico Barrero1and Sergio},
	booktitle={Power Electronics and Motion Control Conference (EPE/PEMC), 2012 15th International},
	pages={LS4e--2},
	year={2012},
	organization={IEEE}
}

@inproceedings{gupta2002efficient,
	title={Efficient epidemic-style protocols for reliable and scalable multicast},
	author={Gupta, Indranil and Kermarrec, Anne-Marie and Ganesh, Ayalvadi J},
	booktitle={Reliable Distributed Systems, 2002. Proceedings. 21st IEEE Symposium on},
	pages={180--189},
	year={2002},
	organization={IEEE}
}

@article{2015survey,
	title={A survey on probabilistic broadcast schemes for wireless ad hoc networks},
	author={Reina, DG and Toral, SL and Johnson, P and Barrero, F},
	journal={Ad Hoc Networks},
	volume={25},
	pages={263--292},
	year={2015},
	publisher={Elsevier}
}

@inproceedings{khan2008distance,
	title={Distance-based dynamically adjusted probabilistic forwarding for wireless mobile ad hoc networks},
	author={Khan, Imran Ali and Javaid, Akmal and Qian, Hua Lin},
	booktitle={2008 5th IFIP International Conference on Wireless and Optical Communications Networks (WOCN'08)},
	pages={1--6},
	year={2008},
	organization={IEEE}
}

@inproceedings{ling2005coverage,
	title={Coverage-based probabilistic forwarding in ad hoc routing},
	author={Ling, Hui and Moss{\'e}, Daniel and Znati, Taieb},
	booktitle={Proceedings. 14th International Conference on Computer Communications and Networks, 2005. ICCCN 2005.},
	pages={13--18},
	year={2005},
	organization={IEEE}
}

@article{wisitpongphan2007broadcast,
	title={Broadcast storm mitigation techniques in vehicular ad hoc networks},
	author={Wisitpongphan, Nawaporn and Tonguz, Ozan K and Parikh, Jayendra S and Mudalige, Priyantha and Bai, Fan and Sadekar, Varsha},
	journal={IEEE Wireless Communications},
	volume={14},
	number={6},
	pages={84--94},
	year={2007},
	publisher={IEEE}
}

@inproceedings{shi2004adaptive,
	title={Adaptive gossip-based routing algorithm.},
	author={Shi, Zhongmin and Shen, Hong},
	booktitle={IPCCC},
	pages={323--324},
	year={2004},
	organization={Citeseer}
}

@inproceedings{lee2010adaptive,
	title={Adaptive-gossiping for an energy-aware routing protocol in wireless sensor networks},
	author={Lee, Ahyoung and Ra, Ilkyeun},
	booktitle={Proceedings of the 6th International Wireless Communications and Mobile Computing Conference},
	pages={1131--1135},
	year={2010},
	organization={ACM}
}

@article{qing2010dynamic,
	title={A dynamic probabilistic broadcasting scheme based on cross-layer design for manets},
	author={Qing-wen, WANG and Hao-shan, Shi and Qi, Qian},
	journal={International Journal of Modern Education and Computer Science},
	volume={2},
	number={1},
	pages={40},
	year={2010},
	publisher={Modern Education and Computer Science Press}
}

@inproceedings{cartigny2003border,
	title={Border node retransmission based probabilistic broadcast protocols in ad-hoc networks},
	author={Cartigny, Julien and Simplot, David},
	booktitle={System Sciences, 2003. Proceedings of the 36th Annual Hawaii International Conference on},
	pages={10--pp},
	year={2003},
	organization={IEEE}
}

@inproceedings{nitnaware2010energy,
	title={Energy based gossip routing algorithm for MANETs},
	author={Nitnaware, Dhiraj and Verma, Ajay},
	booktitle={Recent Trends in Information, Telecommunication and Computing (ITC), 2010 International Conference on},
	pages={23--27},
	year={2010},
	organization={IEEE}
}

@inproceedings{nitnaware2009performance,
	title={Performance analysis of energy constraint gossip based routing protocol under stochastic traffic},
	author={Nitnaware, Dhiraj and Karma, Pravin and Verma, Ajay},
	booktitle={2009 Second International Conference on Emerging Trends in Engineering \& Technology},
	pages={1110--1114},
	year={2009},
	organization={IEEE}
}

@article{tseng2002broadcast,
	title={The broadcast storm problem in a mobile ad hoc network},
	author={Tseng, Yu-Chee and Ni, Sze-Yao and Chen, Yuh-Shyan and Sheu, Jang-Ping},
	journal={Wireless networks},
	volume={8},
	number={2-3},
	pages={153--167},
	year={2002},
	publisher={Springer}
}

@inproceedings{gossip,
	title={A gossip protocol for subgroup multicast},
	author={Jenkins, Kate and Hopkinson, Ken and Birman, Ken},
	booktitle={Distributed Computing Systems Workshop, 2001 International Conference on},
	pages={25--30},
	year={2001},
	organization={IEEE}
}

@article{Atzori,
	title={The internet of things: A survey},
	author={Atzori, Luigi and Iera, Antonio and Morabito, Giacomo},
	journal={Computer networks},
	volume={54},
	number={15},
	pages={2787--2805},
	year={2010},
	publisher={Elsevier}
}



