@article{2015survey,
	title={A survey on probabilistic broadcast schemes for wireless ad hoc networks},
	author={Reina, DG and Toral, SL and Johnson, P and Barrero, F},
	journal={Ad Hoc Networks},
	volume={25},
	pages={263--292},
	year={2015},
	publisher={Elsevier}
}

@inproceedings{khan2008distance,
	title={Distance-based dynamically adjusted probabilistic forwarding for wireless mobile ad hoc networks},
	author={Khan, Imran Ali and Javaid, Akmal and Qian, Hua Lin},
	booktitle={2008 5th IFIP International Conference on Wireless and Optical Communications Networks (WOCN'08)},
	pages={1--6},
	year={2008},
	organization={IEEE}
}

@inproceedings{ling2005coverage,
	title={Coverage-based probabilistic forwarding in ad hoc routing},
	author={Ling, Hui and Moss{\'e}, Daniel and Znati, Taieb},
	booktitle={Proceedings. 14th International Conference on Computer Communications and Networks, 2005. ICCCN 2005.},
	pages={13--18},
	year={2005},
	organization={IEEE}
}

@article{wisitpongphan2007broadcast,
	title={Broadcast storm mitigation techniques in vehicular ad hoc networks},
	author={Wisitpongphan, Nawaporn and Tonguz, Ozan K and Parikh, Jayendra S and Mudalige, Priyantha and Bai, Fan and Sadekar, Varsha},
	journal={IEEE Wireless Communications},
	volume={14},
	number={6},
	pages={84--94},
	year={2007},
	publisher={IEEE}
}

@inproceedings{shi2004adaptive,
	title={Adaptive gossip-based routing algorithm.},
	author={Shi, Zhongmin and Shen, Hong},
	booktitle={IPCCC},
	pages={323--324},
	year={2004},
	organization={Citeseer}
}

@inproceedings{lee2010adaptive,
	title={Adaptive-gossiping for an energy-aware routing protocol in wireless sensor networks},
	author={Lee, Ahyoung and Ra, Ilkyeun},
	booktitle={Proceedings of the 6th International Wireless Communications and Mobile Computing Conference},
	pages={1131--1135},
	year={2010},
	organization={ACM}
}

@article{qing2010dynamic,
	title={A dynamic probabilistic broadcasting scheme based on cross-layer design for manets},
	author={Qing-wen, WANG and Hao-shan, Shi and Qi, Qian},
	journal={International Journal of Modern Education and Computer Science},
	volume={2},
	number={1},
	pages={40},
	year={2010},
	publisher={Modern Education and Computer Science Press}
}

@inproceedings{cartigny2003border,
	title={Border node retransmission based probabilistic broadcast protocols in ad-hoc networks},
	author={Cartigny, Julien and Simplot, David},
	booktitle={System Sciences, 2003. Proceedings of the 36th Annual Hawaii International Conference on},
	pages={10--pp},
	year={2003},
	organization={IEEE}
}

@article{tseng2002broadcast,
	title={The broadcast storm problem in a mobile ad hoc network},
	author={Tseng, Yu-Chee and Ni, Sze-Yao and Chen, Yuh-Shyan and Sheu, Jang-Ping},
	journal={Wireless networks},
	volume={8},
	number={2-3},
	pages={153--167},
	year={2002},
	publisher={Springer}
}

@book{james,
	title={Computer networking a top-down approach featuring the internet},
	author={James, F KUROSE and Keith, W ROSS},
	year={2004},
	publisher={Addison-Wesley, Reading}
}

@inproceedings{gossip,
	title={A gossip protocol for subgroup multicast},
	author={Jenkins, Kate and Hopkinson, Ken and Birman, Ken},
	booktitle={Distributed Computing Systems Workshop, 2001 International Conference on},
	pages={25--30},
	year={2001},
	organization={IEEE}
}

@inproceedings{gossip2,
	title={Anonymous gossip: Improving multicast reliability in mobile ad-hoc networks},
	author={Chandra, Ranveer and Ramasubramanian, Venugopalan and Birman, Kenneth P},
	booktitle={Distributed Computing Systems, 2001. 21st International Conference on.},
	pages={275--283},
	year={2001},
	organization={IEEE}
}

@article{Atzori,
	title={The internet of things: A survey},
	author={Atzori, Luigi and Iera, Antonio and Morabito, Giacomo},
	journal={Computer networks},
	volume={54},
	number={15},
	pages={2787--2805},
	year={2010},
	publisher={Elsevier}
}

@inproceedings{Jayasumana,
	title={Virtual sensor networks-A resource efficient approach for concurrent applications},
	author={Jayasumana, Anura P and Han, Qi and Illangasekare, Tissa H},
	booktitle={Information Technology, 2007. ITNG'07. Fourth International Conference on},
	pages={111--115},
	year={2007},
	organization={IEEE}
}

@article{Chowdhury,
	title={A survey of network virtualization},
	author={Chowdhury, NM Mosharaf Kabir and Boutaba, Raouf},
	journal={Computer Networks},
	volume={54},
	number={5},
	pages={862--876},
	year={2010},
	publisher={Elsevier}
}

@article{Sherif,
	title={Cloud-Assisted Remote Sensor Network Virtualization for Distributed Consensus Estimation},
	author={Abdelwahab, Sherif and Hamdaoui, Bechir and Guizani, Mohsen},
	journal={arXiv preprint arXiv:1501.03547},
	year={2015}
}

@article{Mur,
	title={Device-to-device communications with Wi-Fi Direct: overview and experimentation},
	author={Camps-Mur, Daniel and Garcia-Saavedra, Andres and Serrano, Pablo},
	journal={Wireless Communications, IEEE},
	volume={20},
	number={3},
	pages={96--104},
	year={2013},
	publisher={IEEE}
}

@book{forouzan,
	title={Data Communications \& Networking (sie)},
	author={Forouzan, A Behrouz},
	year={2006},
	publisher={Tata McGraw-Hill Education}
}


